<record><leader>01257cam a2200337 i 45 0</leader><controlfield tag="001">6754256</controlfield><controlfield tag="005">20140908103126.0</controlfield><controlfield tag="008">140801s2015    enkabf   b    001 0 eng  </controlfield><datafield ind1=" " ind2=" " tag="010"><subfield code="a">  2014014137</subfield></datafield><datafield ind1=" " ind2=" " tag="020"><subfield code="a">9780199340576</subfield></datafield><datafield ind1=" " ind2=" " tag="035"><subfield code="a">ocn890309814</subfield></datafield><datafield ind1=" " ind2=" " tag="040"><subfield code="a">DLC</subfield><subfield code="b">eng</subfield><subfield code="e">rda</subfield><subfield code="c">DLC</subfield><subfield code="d">AESJC</subfield></datafield><datafield ind1=" " ind2=" " tag="042"><subfield code="a">pcc</subfield></datafield><datafield ind1="0" ind2="0" tag="050"><subfield code="a">BS476</subfield><subfield code="b">.W588 2014</subfield></datafield><datafield ind1="0" ind2="0" tag="082"><subfield code="a">220.601</subfield><subfield code="2">23</subfield></datafield><datafield ind1=" " ind2=" " tag="090"><subfield code="a">BS 476 W588 2015</subfield><subfield code="b">AENTC</subfield></datafield><datafield ind1=" " ind2=" " tag="090"><subfield code="a">BS 476 W588 2015</subfield><subfield code="b">AESJC</subfield></datafield><datafield ind1="1" ind2=" " tag="100"><subfield code="a">Witherington, Ben,</subfield><subfield code="c">III,</subfield><subfield code="d">1951-</subfield></datafield><datafield ind1="1" ind2="0" tag="245"><subfield code="a">Reading and understanding the Bible /</subfield><subfield code="c">Ben Witherington III.</subfield></datafield><datafield ind1=" " ind2="1" tag="264"><subfield code="a">Oxford :</subfield><subfield code="b">Oxford University Press,</subfield><subfield code="c">[2015].</subfield></datafield><datafield ind1=" " ind2=" " tag="300"><subfield code="a">xxii, 276 pages, [8] pages of plates :</subfield><subfield code="b">illustrations, maps ;</subfield><subfield code="c">24 cm.</subfield></datafield><datafield ind1=" " ind2=" " tag="336"><subfield code="a">text</subfield><subfield code="b">txt</subfield><subfield code="2">rdacontent</subfield></datafield><datafield ind1=" " ind2=" " tag="337"><subfield code="a">unmediated</subfield><subfield code="b">n</subfield><subfield code="2">rdamedia</subfield></datafield><datafield ind1=" " ind2=" " tag="338"><subfield code="a">volume</subfield><subfield code="b">nc</subfield><subfield code="2">rdacarrier</subfield></datafield><datafield ind1=" " ind2=" " tag="504"><subfield code="a">Includes bibliographical references (pages 257-260) and indexes.</subfield></datafield><datafield ind1=" " ind2=" " tag="596"><subfield code="a">32 49</subfield></datafield><datafield ind1="0" ind2="0" tag="630"><subfield code="a">Bible</subfield><subfield code="x">Hermeneutics.</subfield></datafield><datafield ind1="0" ind2="0" tag="630"><subfield code="a">Bible</subfield><subfield code="x">Criticism, interpretation, etc.</subfield></datafield><datafield ind1="0" ind2="0" tag="630"><subfield code="a">Bible</subfield><subfield code="v">Introductions.</subfield></datafield><datafield ind1=" " ind2=" " tag="926"><subfield code="a">BS 476 W588 2015</subfield><subfield code="w">LC</subfield><subfield code="c">1</subfield><subfield code="i">0160000519225</subfield><subfield code="d">10/6/2015</subfield><subfield code="e">9/24/2015</subfield><subfield code="l">ON_SHELF</subfield><subfield code="m">UASJC</subfield><subfield code="n">3</subfield><subfield code="r">Y</subfield><subfield code="s">Y</subfield><subfield code="t">BOOK</subfield><subfield code="u">12/9/2014</subfield></datafield><datafield ind1=" " ind2=" " tag="926"><subfield code="a">BS 476 W588 2015</subfield><subfield code="w">LC</subfield><subfield code="c">1</subfield><subfield code="i">0163980530360</subfield><subfield code="l">ON_SHELF</subfield><subfield code="m">NEWMAN</subfield><subfield code="r">Y</subfield><subfield code="s">Y</subfield><subfield code="t">BOOK</subfield><subfield code="u">6/23/2015</subfield></datafield></record>